@misc{kingma2017adam,
      title={Adam: A Method for Stochastic Optimization}, 
      author={Diederik P. Kingma and Jimmy Ba},
      year={2017},
      eprint={1412.6980},
      archivePrefix={arXiv},
      primaryClass={cs.LG}
}

@misc{wilson2018marginal,
      title={The Marginal Value of Adaptive Gradient Methods in Machine Learning}, 
      author={Ashia C. Wilson and Rebecca Roelofs and Mitchell Stern and Nathan Srebro and Benjamin Recht},
      year={2018},
      eprint={1705.08292},
      archivePrefix={arXiv},
      primaryClass={stat.ML}
}

@misc{hardt2016train,
      title={Train faster, generalize better: Stability of stochastic gradient descent}, 
      author={Moritz Hardt and Benjamin Recht and Yoram Singer},
      year={2016},
      eprint={1509.01240},
      archivePrefix={arXiv},
      primaryClass={cs.LG}
}


@misc{keskar2017largebatch,
      title={On Large-Batch Training for Deep Learning: Generalization Gap and Sharp Minima}, 
      author={Nitish Shirish Keskar and Dheevatsa Mudigere and Jorge Nocedal and Mikhail Smelyanskiy and Ping Tak Peter Tang},
      year={2017},
      eprint={1609.04836},
      archivePrefix={arXiv},
      primaryClass={cs.LG}
}

@misc{smith2018disciplined,
      title={A disciplined approach to neural network hyper-parameters: Part 1 -- learning rate, batch size, momentum, and weight decay}, 
      author={Leslie N. Smith},
      year={2018},
      eprint={1803.09820},
      archivePrefix={arXiv},
      primaryClass={cs.LG}
}


@book{elements_of_statistical_learning,
  added-at = {2022-08-29T15:09:01.000+0200},
  author = {Hastie, Trevor and Tibshirani, Robert and Friedman, Jerome},
  biburl = {https://www.bibsonomy.org/bibtex/200d858c0bd2826d4eb5f39450192d1f5/msteininger},
  edition = 2,
  file = {:Books\\HastieTibshiraniFriedman-09-Elements-of-Statistical-Learning-2nd-edition\\hastie_09_elements-of.statistical-learning.pdf:PDF},
  interhash = {52d1772f39be836e3b298d37b8c0cfa1},
  intrahash = {00d858c0bd2826d4eb5f39450192d1f5},
  keywords = {clutering dataanalysis inference mathmatics method statistics},
  publisher = {Springer},
  timestamp = {2022-08-29T15:09:01.000+0200},
  title = {The elements of statistical learning: data mining, inference and prediction},
  url = {http://www-stat.stanford.edu/~tibs/ElemStatLearn/},
  year = 2009
}


@article{tieleman2012lecture,
	title={Lecture 6.5-rmsprop: Divide the gradient by a running average of its recent magnitude},
	author={Tieleman, Tijmen and Hinton, Geoffrey and others},
	journal={COURSERA: Neural networks for machine learning},
	volume={4},
	number={2},
	pages={26--31},
	year={2012}
}


@misc{misc_wine_quality_186,
	author       = {Cortez,Paulo, Cerdeira,A., Almeida,F., Matos,T., and Reis,J.},
	title        = {{Wine Quality}},
	year         = {2009},
	howpublished = {UCI Machine Learning Repository},
	note         = {{DOI}: https://doi.org/10.24432/C56S3T}
}

@misc{misc_seoul_bike_sharing_demand_560,
	title        = {{Seoul Bike Sharing Demand}},
	year         = {2020},
	howpublished = {UCI Machine Learning Repository},
	note         = {{DOI}: https://doi.org/10.24432/C5F62R}
}

@Article{kallet04methods,
  author = 	 {Richard H Kallet},
  title = 	 {How to Write the Methods Section of a Research Paper},
  journal = 	 {Respiratory Care},
  year = 	 2004,
  volume =	 49,
  number =	 10,
  pages =	 {1229--1232}
}

@Unpublished{anderson04,
  author = 		 {Greg Anderson},
  title = 		 {How to Write a Paper in Scientific Journal Style and Format},
  year = 	 2004,
  organization = {Bates College},
  note = {http://abacus.bates.edu/~ganderso/biology/resources/writing/HTWtoc.html}
}


@Unpublished{jones08,
  author = 		 {Simon Peyton Jones},
  title = 		 {How to write a great research paper},
  note = 		 {Microsoft Research Cambridge},
  year = 	 2008}

@Article{editor10,
  author = 		 {Editorial},
  title = 		 {Scientific writing 101},
  journal = 	 {Nature Structural \& Molecular Biology},
  year = 		 2010,
  volume = 	 17,
  pages = 	 139}

@TechReport{wavelab,
  author = 		 {Jonathan B. Buckheit and David L. Donoho},
  title = 		 {WaveLab and Reproducible Research},
  institution =  {Stanford University},
  year = 		 2009}

@article{gentleman05,
        title = {Reproducible Research: A Bioinformatics Case Study},
        author = {Gentleman, Robert},
        year = {2005},
        journal = {Statistical Applications in Genetics and Molecular Biology},
        volume = 4,
        number = 1,
        publisher = {The Berkeley Electronic Press},
        url = {http://www.bepress.com/sagmb/vol4/iss1/art2}
}

@article{schwab00,
 author = {Schwab, Matthias and Karrenbach, Martin and Claerbout, Jon},
 title = {Making scientific computations reproducible},
 journal = {Computing in Science and Engg.},
 volume = {2},
 number = {6},
 year = {2000},
 issn = {1521-9615},
 pages = {61--67},
 doi = {http://dx.doi.org/10.1109/5992.881708},
 publisher = {IEEE Educational Activities Department},
 address = {Piscataway, NJ, USA},
 }



@Book{spolsky04software,
  author = 	 {Joel Spolsky},
  title = 		 {Joel on Software: And on Diverse \& Occasionally Related Matters That Will Prove of Interest etc..: And on Diverse and Occasionally Related Matters ... or Ill-Luck, Work with Them in Some Capacity},
  publisher = 	 {APRESS},
  year = 		 2004}

@Book{hunt99pragmatic,
  author = 	 {Andrew Hunt and David Thomas},
  title = 		 {The Pragmatic Programmer},
  publisher = 	 {Addison Wesley},
  year = 		 1999}

